@book{GoF1994,
  author    = {Gamma, Erich and Helm, Richard and Johnson, Ralph and Vlissides, John},
  title     = {Design Patterns: Elements of Reusable Object-Oriented Software},
  year      = {1994},
  publisher = {Addison-Wesley Professional},
  address   = {Boston, MA, USA},
}

@book{Booch2007,
  author    = {Booch, Grady and Maksimchuk, Robert A. and Engel, Michael W. and Young, Bobbi J. and Conallen, Jim and Houston, Kelli A.},
  title     = {Object-Oriented Analysis and Design with Applications},
  year      = {2007},
  edition   = {3rd},
  publisher = {Addison-Wesley Professional},
}

@book{Stroustrup2013,
  author    = {Stroustrup, Bjarne},
  title     = {The C++ Programming Language},
  year      = {2013},
  edition   = {4th},
  publisher = {Addison-Wesley Professional},
}

@book{Martin2017,
  author    = {Martin, Robert C.},
  title     = {Clean Architecture: A Craftsman's Guide to Software Structure and Design},
  year      = {2017},
  publisher = {Prentice Hall},
}

@book{Chacon2014,
  author    = {Chacon, Scott and Straub, Ben},
  title     = {Pro Git},
  year      = {2014},
  edition   = {2nd},
  publisher = {Apress},
}

@book{Stallings2017,
  author    = {Stallings, William and Brown, Lawrie},
  title     = {Computer Security: Principles and Practice},
  year      = {2017},
  edition   = {4th},
  publisher = {Pearson},
}